%YAML 1.1
%TAG !u! tag:unity3d.com,2011:
--- !u!1 &1131694385767751613
GameObject:
  m_ObjectHideFlags: 0
  m_CorrespondingSourceObject: {fileID: 0}
  m_PrefabInstance: {fileID: 0}
  m_PrefabAsset: {fileID: 0}
  serializedVersion: 6
  m_Component:
  - component: {fileID: 1131694385767751614}
  - component: {fileID: 538320673}
  - component: {fileID: 114616992345295102}
  m_Layer: 0
  m_Name: PassTrigger
  m_TagString: Untagged
  m_Icon: {fileID: 0}
  m_NavMeshLayer: 0
  m_StaticEditorFlags: 0
  m_IsActive: 1
--- !u!4 &1131694385767751614
Transform:
  m_ObjectHideFlags: 0
  m_CorrespondingSourceObject: {fileID: 0}
  m_PrefabInstance: {fileID: 0}
  m_PrefabAsset: {fileID: 0}
  m_GameObject: {fileID: 1131694385767751613}
  m_LocalRotation: {x: 0, y: 0, z: 0, w: 1}
  m_LocalPosition: {x: 0, y: 0, z: 0}
  m_LocalScale: {x: 0.5, y: 0.02, z: 0.5}
  m_Children:
  - {fileID: 7333987265538525508}
  - {fileID: 4152510021538537826}
  - {fileID: 4747283954170539345}
  - {fileID: 1498477457049558622}
  - {fileID: 2241101853292613455}
  - {fileID: 4014838701893387355}
  - {fileID: 8099054792983345026}
  - {fileID: 8907251625641804103}
  - {fileID: 8332503429015128627}
  - {fileID: 4394575617428798278}
  - {fileID: 8309936999166523325}
  - {fileID: 7262279686249721003}
  - {fileID: 6620113306773931257}
  - {fileID: 7319367110369878508}
  - {fileID: 6003729672117642198}
  m_Father: {fileID: 0}
  m_RootOrder: 0
  m_LocalEulerAnglesHint: {x: 0, y: 0, z: 0}
--- !u!65 &538320673
BoxCollider:
  m_ObjectHideFlags: 0
  m_CorrespondingSourceObject: {fileID: 0}
  m_PrefabInstance: {fileID: 0}
  m_PrefabAsset: {fileID: 0}
  m_GameObject: {fileID: 1131694385767751613}
  m_Material: {fileID: 0}
  m_IsTrigger: 1
  m_Enabled: 1
  serializedVersion: 2
  m_Size: {x: 6, y: 0.5, z: 6}
  m_Center: {x: 0, y: -0.5, z: 0}
--- !u!114 &114616992345295102
MonoBehaviour:
  m_ObjectHideFlags: 0
  m_CorrespondingSourceObject: {fileID: 0}
  m_PrefabInstance: {fileID: 0}
  m_PrefabAsset: {fileID: 0}
  m_GameObject: {fileID: 1131694385767751613}
  m_Enabled: 1
  m_EditorHideFlags: 0
  m_Script: {fileID: 11500000, guid: cd11872a21831a940bb73156648b05dc, type: 3}
  m_Name: 
  m_EditorClassIdentifier: 
  radius: 1
  power: 500
--- !u!54 &8345888621194265085
Rigidbody:
  m_ObjectHideFlags: 0
  m_CorrespondingSourceObject: {fileID: 0}
  m_PrefabInstance: {fileID: 0}
  m_PrefabAsset: {fileID: 0}
  m_GameObject: {fileID: 1498477457049191038}
  serializedVersion: 2
  m_Mass: 0.1
  m_Drag: 0
  m_AngularDrag: 0.05
  m_UseGravity: 1
  m_IsKinematic: 1
  m_Interpolate: 0
  m_Constraints: 0
  m_CollisionDetection: 0
--- !u!64 &368632334
MeshCollider:
  m_ObjectHideFlags: 0
  m_CorrespondingSourceObject: {fileID: 0}
  m_PrefabInstance: {fileID: 0}
  m_PrefabAsset: {fileID: 0}
  m_GameObject: {fileID: 1498477457049191038}
  m_Material: {fileID: 0}
  m_IsTrigger: 0
  m_Enabled: 1
  serializedVersion: 3
  m_Convex: 1
  m_CookingOptions: 14
  m_Mesh: {fileID: 4300000, guid: c7b5033b545cbfe4c8ffda505ff8cc39, type: 3}
--- !u!54 &4161301313515010883
Rigidbody:
  m_ObjectHideFlags: 0
  m_CorrespondingSourceObject: {fileID: 0}
  m_PrefabInstance: {fileID: 0}
  m_PrefabAsset: {fileID: 0}
  m_GameObject: {fileID: 2241101853292909423}
  serializedVersion: 2
  m_Mass: 0.1
  m_Drag: 0
  m_AngularDrag: 0.05
  m_UseGravity: 1
  m_IsKinematic: 1
  m_Interpolate: 0
  m_Constraints: 0
  m_CollisionDetection: 0
--- !u!64 &1471683647
MeshCollider:
  m_ObjectHideFlags: 0
  m_CorrespondingSourceObject: {fileID: 0}
  m_PrefabInstance: {fileID: 0}
  m_PrefabAsset: {fileID: 0}
  m_GameObject: {fileID: 2241101853292909423}
  m_Material: {fileID: 0}
  m_IsTrigger: 0
  m_Enabled: 1
  serializedVersion: 3
  m_Convex: 1
  m_CookingOptions: 14
  m_Mesh: {fileID: 4300000, guid: c7b5033b545cbfe4c8ffda505ff8cc39, type: 3}
--- !u!54 &2608533063854305234
Rigidbody:
  m_ObjectHideFlags: 0
  m_CorrespondingSourceObject: {fileID: 0}
  m_PrefabInstance: {fileID: 0}
  m_PrefabAsset: {fileID: 0}
  m_GameObject: {fileID: 4014838701893818491}
  serializedVersion: 2
  m_Mass: 0.1
  m_Drag: 0
  m_AngularDrag: 0.05
  m_UseGravity: 1
  m_IsKinematic: 1
  m_Interpolate: 0
  m_Constraints: 0
  m_CollisionDetection: 0
--- !u!64 &748769979
MeshCollider:
  m_ObjectHideFlags: 0
  m_CorrespondingSourceObject: {fileID: 0}
  m_PrefabInstance: {fileID: 0}
  m_PrefabAsset: {fileID: 0}
  m_GameObject: {fileID: 4014838701893818491}
  m_Material: {fileID: 0}
  m_IsTrigger: 0
  m_Enabled: 1
  serializedVersion: 3
  m_Convex: 1
  m_CookingOptions: 14
  m_Mesh: {fileID: 4300000, guid: c7b5033b545cbfe4c8ffda505ff8cc39, type: 3}
--- !u!54 &1915497121548077140
Rigidbody:
  m_ObjectHideFlags: 0
  m_CorrespondingSourceObject: {fileID: 0}
  m_PrefabInstance: {fileID: 0}
  m_PrefabAsset: {fileID: 0}
  m_GameObject: {fileID: 4152510021538315586}
  serializedVersion: 2
  m_Mass: 0.1
  m_Drag: 0
  m_AngularDrag: 0.05
  m_UseGravity: 1
  m_IsKinematic: 1
  m_Interpolate: 0
  m_Constraints: 0
  m_CollisionDetection: 0
--- !u!64 &495625447
MeshCollider:
  m_ObjectHideFlags: 0
  m_CorrespondingSourceObject: {fileID: 0}
  m_PrefabInstance: {fileID: 0}
  m_PrefabAsset: {fileID: 0}
  m_GameObject: {fileID: 4152510021538315586}
  m_Material: {fileID: 0}
  m_IsTrigger: 0
  m_Enabled: 1
  serializedVersion: 3
  m_Convex: 1
  m_CookingOptions: 14
  m_Mesh: {fileID: 4300000, guid: c7b5033b545cbfe4c8ffda505ff8cc39, type: 3}
--- !u!54 &3088964317459729858
Rigidbody:
  m_ObjectHideFlags: 0
  m_CorrespondingSourceObject: {fileID: 0}
  m_PrefabInstance: {fileID: 0}
  m_PrefabAsset: {fileID: 0}
  m_GameObject: {fileID: 4394575617428301670}
  serializedVersion: 2
  m_Mass: 0.1
  m_Drag: 0
  m_AngularDrag: 0.05
  m_UseGravity: 1
  m_IsKinematic: 1
  m_Interpolate: 0
  m_Constraints: 0
  m_CollisionDetection: 0
--- !u!64 &1095334143
MeshCollider:
  m_ObjectHideFlags: 0
  m_CorrespondingSourceObject: {fileID: 0}
  m_PrefabInstance: {fileID: 0}
  m_PrefabAsset: {fileID: 0}
  m_GameObject: {fileID: 4394575617428301670}
  m_Material: {fileID: 0}
  m_IsTrigger: 0
  m_Enabled: 1
  serializedVersion: 3
  m_Convex: 1
  m_CookingOptions: 14
  m_Mesh: {fileID: 4300000, guid: c7b5033b545cbfe4c8ffda505ff8cc39, type: 3}
--- !u!54 &5219395296005934582
Rigidbody:
  m_ObjectHideFlags: 0
  m_CorrespondingSourceObject: {fileID: 0}
  m_PrefabInstance: {fileID: 0}
  m_PrefabAsset: {fileID: 0}
  m_GameObject: {fileID: 4747283954170114417}
  serializedVersion: 2
  m_Mass: 0.1
  m_Drag: 0
  m_AngularDrag: 0.05
  m_UseGravity: 1
  m_IsKinematic: 1
  m_Interpolate: 0
  m_Constraints: 0
  m_CollisionDetection: 0
--- !u!64 &770286420
MeshCollider:
  m_ObjectHideFlags: 0
  m_CorrespondingSourceObject: {fileID: 0}
  m_PrefabInstance: {fileID: 0}
  m_PrefabAsset: {fileID: 0}
  m_GameObject: {fileID: 4747283954170114417}
  m_Material: {fileID: 0}
  m_IsTrigger: 0
  m_Enabled: 1
  serializedVersion: 3
  m_Convex: 1
  m_CookingOptions: 14
  m_Mesh: {fileID: 4300000, guid: c7b5033b545cbfe4c8ffda505ff8cc39, type: 3}
--- !u!54 &1604830489050694936
Rigidbody:
  m_ObjectHideFlags: 0
  m_CorrespondingSourceObject: {fileID: 0}
  m_PrefabInstance: {fileID: 0}
  m_PrefabAsset: {fileID: 0}
  m_GameObject: {fileID: 6003729672117747702}
  serializedVersion: 2
  m_Mass: 0.1
  m_Drag: 0
  m_AngularDrag: 0.05
  m_UseGravity: 1
  m_IsKinematic: 1
  m_Interpolate: 0
  m_Constraints: 0
  m_CollisionDetection: 0
--- !u!64 &557345728
MeshCollider:
  m_ObjectHideFlags: 0
  m_CorrespondingSourceObject: {fileID: 0}
  m_PrefabInstance: {fileID: 0}
  m_PrefabAsset: {fileID: 0}
  m_GameObject: {fileID: 6003729672117747702}
  m_Material: {fileID: 0}
  m_IsTrigger: 0
  m_Enabled: 1
  serializedVersion: 3
  m_Convex: 1
  m_CookingOptions: 14
  m_Mesh: {fileID: 4300000, guid: c7b5033b545cbfe4c8ffda505ff8cc39, type: 3}
--- !u!54 &4456868508792748330
Rigidbody:
  m_ObjectHideFlags: 0
  m_CorrespondingSourceObject: {fileID: 0}
  m_PrefabInstance: {fileID: 0}
  m_PrefabAsset: {fileID: 0}
  m_GameObject: {fileID: 6620113306774362329}
  serializedVersion: 2
  m_Mass: 0.1
  m_Drag: 0
  m_AngularDrag: 0.05
  m_UseGravity: 1
  m_IsKinematic: 1
  m_Interpolate: 0
  m_Constraints: 0
  m_CollisionDetection: 0
--- !u!64 &1614760548
MeshCollider:
  m_ObjectHideFlags: 0
  m_CorrespondingSourceObject: {fileID: 0}
  m_PrefabInstance: {fileID: 0}
  m_PrefabAsset: {fileID: 0}
  m_GameObject: {fileID: 6620113306774362329}
  m_Material: {fileID: 0}
  m_IsTrigger: 0
  m_Enabled: 1
  serializedVersion: 3
  m_Convex: 1
  m_CookingOptions: 14
  m_Mesh: {fileID: 4300000, guid: c7b5033b545cbfe4c8ffda505ff8cc39, type: 3}
--- !u!54 &4897170883368132121
Rigidbody:
  m_ObjectHideFlags: 0
  m_CorrespondingSourceObject: {fileID: 0}
  m_PrefabInstance: {fileID: 0}
  m_PrefabAsset: {fileID: 0}
  m_GameObject: {fileID: 7262279686249820299}
  serializedVersion: 2
  m_Mass: 0.1
  m_Drag: 0
  m_AngularDrag: 0.05
  m_UseGravity: 1
  m_IsKinematic: 1
  m_Interpolate: 0
  m_Constraints: 0
  m_CollisionDetection: 0
--- !u!64 &1011523886
MeshCollider:
  m_ObjectHideFlags: 0
  m_CorrespondingSourceObject: {fileID: 0}
  m_PrefabInstance: {fileID: 0}
  m_PrefabAsset: {fileID: 0}
  m_GameObject: {fileID: 7262279686249820299}
  m_Material: {fileID: 0}
  m_IsTrigger: 0
  m_Enabled: 1
  serializedVersion: 3
  m_Convex: 1
  m_CookingOptions: 14
  m_Mesh: {fileID: 4300000, guid: c7b5033b545cbfe4c8ffda505ff8cc39, type: 3}
--- !u!54 &7441235806439351725
Rigidbody:
  m_ObjectHideFlags: 0
  m_CorrespondingSourceObject: {fileID: 0}
  m_PrefabInstance: {fileID: 0}
  m_PrefabAsset: {fileID: 0}
  m_GameObject: {fileID: 7319367110369590732}
  serializedVersion: 2
  m_Mass: 0.1
  m_Drag: 0
  m_AngularDrag: 0.05
  m_UseGravity: 1
  m_IsKinematic: 1
  m_Interpolate: 0
  m_Constraints: 0
  m_CollisionDetection: 0
--- !u!64 &895094518
MeshCollider:
  m_ObjectHideFlags: 0
  m_CorrespondingSourceObject: {fileID: 0}
  m_PrefabInstance: {fileID: 0}
  m_PrefabAsset: {fileID: 0}
  m_GameObject: {fileID: 7319367110369590732}
  m_Material: {fileID: 0}
  m_IsTrigger: 0
  m_Enabled: 1
  serializedVersion: 3
  m_Convex: 1
  m_CookingOptions: 14
  m_Mesh: {fileID: 4300000, guid: c7b5033b545cbfe4c8ffda505ff8cc39, type: 3}
--- !u!54 &4829589851657918677
Rigidbody:
  m_ObjectHideFlags: 0
  m_CorrespondingSourceObject: {fileID: 0}
  m_PrefabInstance: {fileID: 0}
  m_PrefabAsset: {fileID: 0}
  m_GameObject: {fileID: 7333987265538823524}
  serializedVersion: 2
  m_Mass: 0.1
  m_Drag: 0
  m_AngularDrag: 0.05
  m_UseGravity: 1
  m_IsKinematic: 1
  m_Interpolate: 0
  m_Constraints: 0
  m_CollisionDetection: 0
--- !u!64 &2121465323
MeshCollider:
  m_ObjectHideFlags: 0
  m_CorrespondingSourceObject: {fileID: 0}
  m_PrefabInstance: {fileID: 0}
  m_PrefabAsset: {fileID: 0}
  m_GameObject: {fileID: 7333987265538823524}
  m_Material: {fileID: 0}
  m_IsTrigger: 0
  m_Enabled: 1
  serializedVersion: 3
  m_Convex: 1
  m_CookingOptions: 14
  m_Mesh: {fileID: 4300000, guid: c7b5033b545cbfe4c8ffda505ff8cc39, type: 3}
--- !u!54 &8779570939467548314
Rigidbody:
  m_ObjectHideFlags: 0
  m_CorrespondingSourceObject: {fileID: 0}
  m_PrefabInstance: {fileID: 0}
  m_PrefabAsset: {fileID: 0}
  m_GameObject: {fileID: 8099054792983571362}
  serializedVersion: 2
  m_Mass: 0.1
  m_Drag: 0
  m_AngularDrag: 0.05
  m_UseGravity: 1
  m_IsKinematic: 1
  m_Interpolate: 0
  m_Constraints: 0
  m_CollisionDetection: 0
--- !u!64 &119565435
MeshCollider:
  m_ObjectHideFlags: 0
  m_CorrespondingSourceObject: {fileID: 0}
  m_PrefabInstance: {fileID: 0}
  m_PrefabAsset: {fileID: 0}
  m_GameObject: {fileID: 8099054792983571362}
  m_Material: {fileID: 0}
  m_IsTrigger: 0
  m_Enabled: 1
  serializedVersion: 3
  m_Convex: 1
  m_CookingOptions: 14
  m_Mesh: {fileID: 4300000, guid: c7b5033b545cbfe4c8ffda505ff8cc39, type: 3}
--- !u!54 &2229012882284479000
Rigidbody:
  m_ObjectHideFlags: 0
  m_CorrespondingSourceObject: {fileID: 0}
  m_PrefabInstance: {fileID: 0}
  m_PrefabAsset: {fileID: 0}
  m_GameObject: {fileID: 8309936999166749597}
  serializedVersion: 2
  m_Mass: 0.1
  m_Drag: 0
  m_AngularDrag: 0.05
  m_UseGravity: 1
  m_IsKinematic: 1
  m_Interpolate: 0
  m_Constraints: 0
  m_CollisionDetection: 0
--- !u!64 &1633919827
MeshCollider:
  m_ObjectHideFlags: 0
  m_CorrespondingSourceObject: {fileID: 0}
  m_PrefabInstance: {fileID: 0}
  m_PrefabAsset: {fileID: 0}
  m_GameObject: {fileID: 8309936999166749597}
  m_Material: {fileID: 0}
  m_IsTrigger: 0
  m_Enabled: 1
  serializedVersion: 3
  m_Convex: 1
  m_CookingOptions: 14
  m_Mesh: {fileID: 4300000, guid: c7b5033b545cbfe4c8ffda505ff8cc39, type: 3}
--- !u!54 &4092820559007802760
Rigidbody:
  m_ObjectHideFlags: 0
  m_CorrespondingSourceObject: {fileID: 0}
  m_PrefabInstance: {fileID: 0}
  m_PrefabAsset: {fileID: 0}
  m_GameObject: {fileID: 8332503429015164435}
  serializedVersion: 2
  m_Mass: 0.1
  m_Drag: 0
  m_AngularDrag: 0.05
  m_UseGravity: 1
  m_IsKinematic: 1
  m_Interpolate: 0
  m_Constraints: 0
  m_CollisionDetection: 0
--- !u!64 &1792948012
MeshCollider:
  m_ObjectHideFlags: 0
  m_CorrespondingSourceObject: {fileID: 0}
  m_PrefabInstance: {fileID: 0}
  m_PrefabAsset: {fileID: 0}
  m_GameObject: {fileID: 8332503429015164435}
  m_Material: {fileID: 0}
  m_IsTrigger: 0
  m_Enabled: 1
  serializedVersion: 3
  m_Convex: 1
  m_CookingOptions: 14
  m_Mesh: {fileID: 4300000, guid: c7b5033b545cbfe4c8ffda505ff8cc39, type: 3}
--- !u!54 &7618903290145829366
Rigidbody:
  m_ObjectHideFlags: 0
  m_CorrespondingSourceObject: {fileID: 0}
  m_PrefabInstance: {fileID: 0}
  m_PrefabAsset: {fileID: 0}
  m_GameObject: {fileID: 8907251625641450855}
  serializedVersion: 2
  m_Mass: 0.1
  m_Drag: 0
  m_AngularDrag: 0.05
  m_UseGravity: 1
  m_IsKinematic: 1
  m_Interpolate: 0
  m_Constraints: 0
  m_CollisionDetection: 0
--- !u!64 &1458973353
MeshCollider:
  m_ObjectHideFlags: 0
  m_CorrespondingSourceObject: {fileID: 0}
  m_PrefabInstance: {fileID: 0}
  m_PrefabAsset: {fileID: 0}
  m_GameObject: {fileID: 8907251625641450855}
  m_Material: {fileID: 0}
  m_IsTrigger: 0
  m_Enabled: 1
  serializedVersion: 3
  m_Convex: 1
  m_CookingOptions: 14
  m_Mesh: {fileID: 4300000, guid: c7b5033b545cbfe4c8ffda505ff8cc39, type: 3}
--- !u!1001 &1498477457049158878
PrefabInstance:
  m_ObjectHideFlags: 0
  serializedVersion: 2
  m_Modification:
    m_TransformParent: {fileID: 1131694385767751614}
    m_Modifications:
    - target: {fileID: 100000, guid: c7b5033b545cbfe4c8ffda505ff8cc39, type: 3}
      propertyPath: m_Name
      value: piece_01 (4)
      objectReference: {fileID: 0}
    - target: {fileID: 100000, guid: c7b5033b545cbfe4c8ffda505ff8cc39, type: 3}
      propertyPath: m_TagString
      value: Ground
      objectReference: {fileID: 0}
    - target: {fileID: 100000, guid: c7b5033b545cbfe4c8ffda505ff8cc39, type: 3}
      propertyPath: m_Layer
      value: 9
      objectReference: {fileID: 0}
    - target: {fileID: 400000, guid: c7b5033b545cbfe4c8ffda505ff8cc39, type: 3}
      propertyPath: m_LocalPosition.x
      value: 0
      objectReference: {fileID: 0}
    - target: {fileID: 400000, guid: c7b5033b545cbfe4c8ffda505ff8cc39, type: 3}
      propertyPath: m_LocalPosition.y
      value: 0
      objectReference: {fileID: 0}
    - target: {fileID: 400000, guid: c7b5033b545cbfe4c8ffda505ff8cc39, type: 3}
      propertyPath: m_LocalPosition.z
      value: 0
      objectReference: {fileID: 0}
    - target: {fileID: 400000, guid: c7b5033b545cbfe4c8ffda505ff8cc39, type: 3}
      propertyPath: m_LocalRotation.x
      value: -0.47314686
      objectReference: {fileID: 0}
    - target: {fileID: 400000, guid: c7b5033b545cbfe4c8ffda505ff8cc39, type: 3}
      propertyPath: m_LocalRotation.y
      value: -0.5254827
      objectReference: {fileID: 0}
    - target: {fileID: 400000, guid: c7b5033b545cbfe4c8ffda505ff8cc39, type: 3}
      propertyPath: m_LocalRotation.z
      value: -0.5254827
      objectReference: {fileID: 0}
    - target: {fileID: 400000, guid: c7b5033b545cbfe4c8ffda505ff8cc39, type: 3}
      propertyPath: m_LocalRotation.w
      value: 0.47314686
      objectReference: {fileID: 0}
    - target: {fileID: 400000, guid: c7b5033b545cbfe4c8ffda505ff8cc39, type: 3}
      propertyPath: m_RootOrder
      value: 3
      objectReference: {fileID: 0}
    - target: {fileID: 400000, guid: c7b5033b545cbfe4c8ffda505ff8cc39, type: 3}
      propertyPath: m_LocalEulerAnglesHint.x
      value: -90.00001
      objectReference: {fileID: 0}
    - target: {fileID: 400000, guid: c7b5033b545cbfe4c8ffda505ff8cc39, type: 3}
      propertyPath: m_LocalEulerAnglesHint.y
      value: -96
      objectReference: {fileID: 0}
    - target: {fileID: 400000, guid: c7b5033b545cbfe4c8ffda505ff8cc39, type: 3}
      propertyPath: m_LocalEulerAnglesHint.z
      value: 0
      objectReference: {fileID: 0}
    - target: {fileID: 400000, guid: c7b5033b545cbfe4c8ffda505ff8cc39, type: 3}
      propertyPath: m_LocalScale.x
      value: 1.0300004
      objectReference: {fileID: 0}
    - target: {fileID: 400000, guid: c7b5033b545cbfe4c8ffda505ff8cc39, type: 3}
      propertyPath: m_LocalScale.y
      value: 1.2768313
      objectReference: {fileID: 0}
    - target: {fileID: 400000, guid: c7b5033b545cbfe4c8ffda505ff8cc39, type: 3}
      propertyPath: m_LocalScale.z
      value: 1.2000005
      objectReference: {fileID: 0}
    m_RemovedComponents: []
  m_SourcePrefab: {fileID: 100100000, guid: c7b5033b545cbfe4c8ffda505ff8cc39, type: 3}
--- !u!1 &1498477457049191038 stripped
GameObject:
  m_CorrespondingSourceObject: {fileID: 100000, guid: c7b5033b545cbfe4c8ffda505ff8cc39,
    type: 3}
  m_PrefabInstance: {fileID: 1498477457049158878}
  m_PrefabAsset: {fileID: 0}
--- !u!4 &1498477457049558622 stripped
Transform:
  m_CorrespondingSourceObject: {fileID: 400000, guid: c7b5033b545cbfe4c8ffda505ff8cc39,
    type: 3}
  m_PrefabInstance: {fileID: 1498477457049158878}
  m_PrefabAsset: {fileID: 0}
--- !u!1001 &2241101853293008335
PrefabInstance:
  m_ObjectHideFlags: 0
  serializedVersion: 2
  m_Modification:
    m_TransformParent: {fileID: 1131694385767751614}
    m_Modifications:
    - target: {fileID: 100000, guid: c7b5033b545cbfe4c8ffda505ff8cc39, type: 3}
      propertyPath: m_Name
      value: piece_01 (5)
      objectReference: {fileID: 0}
    - target: {fileID: 100000, guid: c7b5033b545cbfe4c8ffda505ff8cc39, type: 3}
      propertyPath: m_TagString
      value: Ground
      objectReference: {fileID: 0}
    - target: {fileID: 100000, guid: c7b5033b545cbfe4c8ffda505ff8cc39, type: 3}
      propertyPath: m_Layer
      value: 9
      objectReference: {fileID: 0}
    - target: {fileID: 400000, guid: c7b5033b545cbfe4c8ffda505ff8cc39, type: 3}
      propertyPath: m_LocalPosition.x
      value: 0
      objectReference: {fileID: 0}
    - target: {fileID: 400000, guid: c7b5033b545cbfe4c8ffda505ff8cc39, type: 3}
      propertyPath: m_LocalPosition.y
      value: 0
      objectReference: {fileID: 0}
    - target: {fileID: 400000, guid: c7b5033b545cbfe4c8ffda505ff8cc39, type: 3}
      propertyPath: m_LocalPosition.z
      value: 0
      objectReference: {fileID: 0}
    - target: {fileID: 400000, guid: c7b5033b545cbfe4c8ffda505ff8cc39, type: 3}
      propertyPath: m_LocalRotation.x
      value: -0.35355335
      objectReference: {fileID: 0}
    - target: {fileID: 400000, guid: c7b5033b545cbfe4c8ffda505ff8cc39, type: 3}
      propertyPath: m_LocalRotation.y
      value: -0.61237246
      objectReference: {fileID: 0}
    - target: {fileID: 400000, guid: c7b5033b545cbfe4c8ffda505ff8cc39, type: 3}
      propertyPath: m_LocalRotation.z
      value: -0.61237246
      objectReference: {fileID: 0}
    - target: {fileID: 400000, guid: c7b5033b545cbfe4c8ffda505ff8cc39, type: 3}
      propertyPath: m_LocalRotation.w
      value: 0.35355335
      objectReference: {fileID: 0}
    - target: {fileID: 400000, guid: c7b5033b545cbfe4c8ffda505ff8cc39, type: 3}
      propertyPath: m_RootOrder
      value: 4
      objectReference: {fileID: 0}
    - target: {fileID: 400000, guid: c7b5033b545cbfe4c8ffda505ff8cc39, type: 3}
      propertyPath: m_LocalEulerAnglesHint.x
      value: -90.00001
      objectReference: {fileID: 0}
    - target: {fileID: 400000, guid: c7b5033b545cbfe4c8ffda505ff8cc39, type: 3}
      propertyPath: m_LocalEulerAnglesHint.y
      value: -120
      objectReference: {fileID: 0}
    - target: {fileID: 400000, guid: c7b5033b545cbfe4c8ffda505ff8cc39, type: 3}
      propertyPath: m_LocalEulerAnglesHint.z
      value: 0
      objectReference: {fileID: 0}
    - target: {fileID: 400000, guid: c7b5033b545cbfe4c8ffda505ff8cc39, type: 3}
      propertyPath: m_LocalScale.x
      value: 1.03
      objectReference: {fileID: 0}
    - target: {fileID: 400000, guid: c7b5033b545cbfe4c8ffda505ff8cc39, type: 3}
      propertyPath: m_LocalScale.y
      value: 1.2768308
      objectReference: {fileID: 0}
    - target: {fileID: 400000, guid: c7b5033b545cbfe4c8ffda505ff8cc39, type: 3}
      propertyPath: m_LocalScale.z
      value: 1.2000005
      objectReference: {fileID: 0}
    m_RemovedComponents: []
  m_SourcePrefab: {fileID: 100100000, guid: c7b5033b545cbfe4c8ffda505ff8cc39, type: 3}
--- !u!4 &2241101853292613455 stripped
Transform:
  m_CorrespondingSourceObject: {fileID: 400000, guid: c7b5033b545cbfe4c8ffda505ff8cc39,
    type: 3}
  m_PrefabInstance: {fileID: 2241101853293008335}
  m_PrefabAsset: {fileID: 0}
--- !u!1 &2241101853292909423 stripped
GameObject:
  m_CorrespondingSourceObject: {fileID: 100000, guid: c7b5033b545cbfe4c8ffda505ff8cc39,
    type: 3}
  m_PrefabInstance: {fileID: 2241101853293008335}
  m_PrefabAsset: {fileID: 0}
--- !u!1001 &4014838701893787355
PrefabInstance:
  m_ObjectHideFlags: 0
  serializedVersion: 2
  m_Modification:
    m_TransformParent: {fileID: 1131694385767751614}
    m_Modifications:
    - target: {fileID: 100000, guid: c7b5033b545cbfe4c8ffda505ff8cc39, type: 3}
      propertyPath: m_Name
      value: piece_01 (6)
      objectReference: {fileID: 0}
    - target: {fileID: 100000, guid: c7b5033b545cbfe4c8ffda505ff8cc39, type: 3}
      propertyPath: m_TagString
      value: Ground
      objectReference: {fileID: 0}
    - target: {fileID: 100000, guid: c7b5033b545cbfe4c8ffda505ff8cc39, type: 3}
      propertyPath: m_Layer
      value: 9
      objectReference: {fileID: 0}
    - target: {fileID: 400000, guid: c7b5033b545cbfe4c8ffda505ff8cc39, type: 3}
      propertyPath: m_LocalPosition.x
      value: 0
      objectReference: {fileID: 0}
    - target: {fileID: 400000, guid: c7b5033b545cbfe4c8ffda505ff8cc39, type: 3}
      propertyPath: m_LocalPosition.y
      value: 0
      objectReference: {fileID: 0}
    - target: {fileID: 400000, guid: c7b5033b545cbfe4c8ffda505ff8cc39, type: 3}
      propertyPath: m_LocalPosition.z
      value: 0
      objectReference: {fileID: 0}
    - target: {fileID: 400000, guid: c7b5033b545cbfe4c8ffda505ff8cc39, type: 3}
      propertyPath: m_LocalRotation.x
      value: -0.21850799
      objectReference: {fileID: 0}
    - target: {fileID: 400000, guid: c7b5033b545cbfe4c8ffda505ff8cc39, type: 3}
      propertyPath: m_LocalRotation.y
      value: -0.6724985
      objectReference: {fileID: 0}
    - target: {fileID: 400000, guid: c7b5033b545cbfe4c8ffda505ff8cc39, type: 3}
      propertyPath: m_LocalRotation.z
      value: -0.6724985
      objectReference: {fileID: 0}
    - target: {fileID: 400000, guid: c7b5033b545cbfe4c8ffda505ff8cc39, type: 3}
      propertyPath: m_LocalRotation.w
      value: 0.21850799
      objectReference: {fileID: 0}
    - target: {fileID: 400000, guid: c7b5033b545cbfe4c8ffda505ff8cc39, type: 3}
      propertyPath: m_RootOrder
      value: 5
      objectReference: {fileID: 0}
    - target: {fileID: 400000, guid: c7b5033b545cbfe4c8ffda505ff8cc39, type: 3}
      propertyPath: m_LocalEulerAnglesHint.x
      value: -90.00001
      objectReference: {fileID: 0}
    - target: {fileID: 400000, guid: c7b5033b545cbfe4c8ffda505ff8cc39, type: 3}
      propertyPath: m_LocalEulerAnglesHint.y
      value: -144
      objectReference: {fileID: 0}
    - target: {fileID: 400000, guid: c7b5033b545cbfe4c8ffda505ff8cc39, type: 3}
      propertyPath: m_LocalEulerAnglesHint.z
      value: 0
      objectReference: {fileID: 0}
    - target: {fileID: 400000, guid: c7b5033b545cbfe4c8ffda505ff8cc39, type: 3}
      propertyPath: m_LocalScale.x
      value: 1.03
      objectReference: {fileID: 0}
    - target: {fileID: 400000, guid: c7b5033b545cbfe4c8ffda505ff8cc39, type: 3}
      propertyPath: m_LocalScale.y
      value: 1.2768309
      objectReference: {fileID: 0}
    - target: {fileID: 400000, guid: c7b5033b545cbfe4c8ffda505ff8cc39, type: 3}
      propertyPath: m_LocalScale.z
      value: 1.2000005
      objectReference: {fileID: 0}
    m_RemovedComponents: []
  m_SourcePrefab: {fileID: 100100000, guid: c7b5033b545cbfe4c8ffda505ff8cc39, type: 3}
--- !u!1 &4014838701893818491 stripped
GameObject:
  m_CorrespondingSourceObject: {fileID: 100000, guid: c7b5033b545cbfe4c8ffda505ff8cc39,
    type: 3}
  m_PrefabInstance: {fileID: 4014838701893787355}
  m_PrefabAsset: {fileID: 0}
--- !u!4 &4014838701893387355 stripped
Transform:
  m_CorrespondingSourceObject: {fileID: 400000, guid: c7b5033b545cbfe4c8ffda505ff8cc39,
    type: 3}
  m_PrefabInstance: {fileID: 4014838701893787355}
  m_PrefabAsset: {fileID: 0}
--- !u!1001 &4152510021538413538
PrefabInstance:
  m_ObjectHideFlags: 0
  serializedVersion: 2
  m_Modification:
    m_TransformParent: {fileID: 1131694385767751614}
    m_Modifications:
    - target: {fileID: 100000, guid: c7b5033b545cbfe4c8ffda505ff8cc39, type: 3}
      propertyPath: m_Name
      value: piece_01 (2)
      objectReference: {fileID: 0}
    - target: {fileID: 100000, guid: c7b5033b545cbfe4c8ffda505ff8cc39, type: 3}
      propertyPath: m_TagString
      value: Ground
      objectReference: {fileID: 0}
    - target: {fileID: 100000, guid: c7b5033b545cbfe4c8ffda505ff8cc39, type: 3}
      propertyPath: m_Layer
      value: 9
      objectReference: {fileID: 0}
    - target: {fileID: 400000, guid: c7b5033b545cbfe4c8ffda505ff8cc39, type: 3}
      propertyPath: m_LocalPosition.x
      value: 0
      objectReference: {fileID: 0}
    - target: {fileID: 400000, guid: c7b5033b545cbfe4c8ffda505ff8cc39, type: 3}
      propertyPath: m_LocalPosition.y
      value: 0
      objectReference: {fileID: 0}
    - target: {fileID: 400000, guid: c7b5033b545cbfe4c8ffda505ff8cc39, type: 3}
      propertyPath: m_LocalPosition.z
      value: 0
      objectReference: {fileID: 0}
    - target: {fileID: 400000, guid: c7b5033b545cbfe4c8ffda505ff8cc39, type: 3}
      propertyPath: m_LocalRotation.x
      value: -0.6459742
      objectReference: {fileID: 0}
    - target: {fileID: 400000, guid: c7b5033b545cbfe4c8ffda505ff8cc39, type: 3}
      propertyPath: m_LocalRotation.y
      value: -0.28760624
      objectReference: {fileID: 0}
    - target: {fileID: 400000, guid: c7b5033b545cbfe4c8ffda505ff8cc39, type: 3}
      propertyPath: m_LocalRotation.z
      value: -0.28760624
      objectReference: {fileID: 0}
    - target: {fileID: 400000, guid: c7b5033b545cbfe4c8ffda505ff8cc39, type: 3}
      propertyPath: m_LocalRotation.w
      value: 0.6459742
      objectReference: {fileID: 0}
    - target: {fileID: 400000, guid: c7b5033b545cbfe4c8ffda505ff8cc39, type: 3}
      propertyPath: m_RootOrder
      value: 1
      objectReference: {fileID: 0}
    - target: {fileID: 400000, guid: c7b5033b545cbfe4c8ffda505ff8cc39, type: 3}
      propertyPath: m_LocalEulerAnglesHint.x
      value: -90.00001
      objectReference: {fileID: 0}
    - target: {fileID: 400000, guid: c7b5033b545cbfe4c8ffda505ff8cc39, type: 3}
      propertyPath: m_LocalEulerAnglesHint.y
      value: -48
      objectReference: {fileID: 0}
    - target: {fileID: 400000, guid: c7b5033b545cbfe4c8ffda505ff8cc39, type: 3}
      propertyPath: m_LocalEulerAnglesHint.z
      value: 0
      objectReference: {fileID: 0}
    - target: {fileID: 400000, guid: c7b5033b545cbfe4c8ffda505ff8cc39, type: 3}
      propertyPath: m_LocalScale.x
      value: 1.03
      objectReference: {fileID: 0}
    - target: {fileID: 400000, guid: c7b5033b545cbfe4c8ffda505ff8cc39, type: 3}
      propertyPath: m_LocalScale.y
      value: 1.281744
      objectReference: {fileID: 0}
    - target: {fileID: 400000, guid: c7b5033b545cbfe4c8ffda505ff8cc39, type: 3}
      propertyPath: m_LocalScale.z
      value: 1.2000017
      objectReference: {fileID: 0}
    m_RemovedComponents: []
  m_SourcePrefab: {fileID: 100100000, guid: c7b5033b545cbfe4c8ffda505ff8cc39, type: 3}
--- !u!1 &4152510021538315586 stripped
GameObject:
  m_CorrespondingSourceObject: {fileID: 100000, guid: c7b5033b545cbfe4c8ffda505ff8cc39,
    type: 3}
  m_PrefabInstance: {fileID: 4152510021538413538}
  m_PrefabAsset: {fileID: 0}
--- !u!4 &4152510021538537826 stripped
Transform:
  m_CorrespondingSourceObject: {fileID: 400000, guid: c7b5033b545cbfe4c8ffda505ff8cc39,
    type: 3}
  m_PrefabInstance: {fileID: 4152510021538413538}
  m_PrefabAsset: {fileID: 0}
--- !u!1001 &4394575617428398534
PrefabInstance:
  m_ObjectHideFlags: 0
  serializedVersion: 2
  m_Modification:
    m_TransformParent: {fileID: 1131694385767751614}
    m_Modifications:
    - target: {fileID: 100000, guid: c7b5033b545cbfe4c8ffda505ff8cc39, type: 3}
      propertyPath: m_Name
      value: piece_01 (10)
      objectReference: {fileID: 0}
    - target: {fileID: 100000, guid: c7b5033b545cbfe4c8ffda505ff8cc39, type: 3}
      propertyPath: m_TagString
      value: Ground
      objectReference: {fileID: 0}
    - target: {fileID: 100000, guid: c7b5033b545cbfe4c8ffda505ff8cc39, type: 3}
      propertyPath: m_Layer
      value: 9
      objectReference: {fileID: 0}
    - target: {fileID: 400000, guid: c7b5033b545cbfe4c8ffda505ff8cc39, type: 3}
      propertyPath: m_LocalPosition.x
      value: 0
      objectReference: {fileID: 0}
    - target: {fileID: 400000, guid: c7b5033b545cbfe4c8ffda505ff8cc39, type: 3}
      propertyPath: m_LocalPosition.y
      value: 0
      objectReference: {fileID: 0}
    - target: {fileID: 400000, guid: c7b5033b545cbfe4c8ffda505ff8cc39, type: 3}
      propertyPath: m_LocalPosition.z
      value: 0
      objectReference: {fileID: 0}
    - target: {fileID: 400000, guid: c7b5033b545cbfe4c8ffda505ff8cc39, type: 3}
      propertyPath: m_LocalRotation.x
      value: 0.3535534
      objectReference: {fileID: 0}
    - target: {fileID: 400000, guid: c7b5033b545cbfe4c8ffda505ff8cc39, type: 3}
      propertyPath: m_LocalRotation.y
      value: -0.61237246
      objectReference: {fileID: 0}
    - target: {fileID: 400000, guid: c7b5033b545cbfe4c8ffda505ff8cc39, type: 3}
      propertyPath: m_LocalRotation.z
      value: -0.61237246
      objectReference: {fileID: 0}
    - target: {fileID: 400000, guid: c7b5033b545cbfe4c8ffda505ff8cc39, type: 3}
      propertyPath: m_LocalRotation.w
      value: -0.3535534
      objectReference: {fileID: 0}
    - target: {fileID: 400000, guid: c7b5033b545cbfe4c8ffda505ff8cc39, type: 3}
      propertyPath: m_RootOrder
      value: 9
      objectReference: {fileID: 0}
    - target: {fileID: 400000, guid: c7b5033b545cbfe4c8ffda505ff8cc39, type: 3}
      propertyPath: m_LocalEulerAnglesHint.x
      value: -90.00001
      objectReference: {fileID: 0}
    - target: {fileID: 400000, guid: c7b5033b545cbfe4c8ffda505ff8cc39, type: 3}
      propertyPath: m_LocalEulerAnglesHint.y
      value: -240
      objectReference: {fileID: 0}
    - target: {fileID: 400000, guid: c7b5033b545cbfe4c8ffda505ff8cc39, type: 3}
      propertyPath: m_LocalEulerAnglesHint.z
      value: 0
      objectReference: {fileID: 0}
    - target: {fileID: 400000, guid: c7b5033b545cbfe4c8ffda505ff8cc39, type: 3}
      propertyPath: m_LocalScale.x
      value: 1.0300009
      objectReference: {fileID: 0}
    - target: {fileID: 400000, guid: c7b5033b545cbfe4c8ffda505ff8cc39, type: 3}
      propertyPath: m_LocalScale.y
      value: 1.2817441
      objectReference: {fileID: 0}
    - target: {fileID: 400000, guid: c7b5033b545cbfe4c8ffda505ff8cc39, type: 3}
      propertyPath: m_LocalScale.z
      value: 1.2000017
      objectReference: {fileID: 0}
    m_RemovedComponents: []
  m_SourcePrefab: {fileID: 100100000, guid: c7b5033b545cbfe4c8ffda505ff8cc39, type: 3}
--- !u!1 &4394575617428301670 stripped
GameObject:
  m_CorrespondingSourceObject: {fileID: 100000, guid: c7b5033b545cbfe4c8ffda505ff8cc39,
    type: 3}
  m_PrefabInstance: {fileID: 4394575617428398534}
  m_PrefabAsset: {fileID: 0}
--- !u!4 &4394575617428798278 stripped
Transform:
  m_CorrespondingSourceObject: {fileID: 400000, guid: c7b5033b545cbfe4c8ffda505ff8cc39,
    type: 3}
  m_PrefabInstance: {fileID: 4394575617428398534}
  m_PrefabAsset: {fileID: 0}
--- !u!1001 &4747283954170148817
PrefabInstance:
  m_ObjectHideFlags: 0
  serializedVersion: 2
  m_Modification:
    m_TransformParent: {fileID: 1131694385767751614}
    m_Modifications:
    - target: {fileID: 100000, guid: c7b5033b545cbfe4c8ffda505ff8cc39, type: 3}
      propertyPath: m_Name
      value: piece_01 (3)
      objectReference: {fileID: 0}
    - target: {fileID: 100000, guid: c7b5033b545cbfe4c8ffda505ff8cc39, type: 3}
      propertyPath: m_TagString
      value: Ground
      objectReference: {fileID: 0}
    - target: {fileID: 100000, guid: c7b5033b545cbfe4c8ffda505ff8cc39, type: 3}
      propertyPath: m_Layer
      value: 9
      objectReference: {fileID: 0}
    - target: {fileID: 400000, guid: c7b5033b545cbfe4c8ffda505ff8cc39, type: 3}
      propertyPath: m_LocalPosition.x
      value: 0
      objectReference: {fileID: 0}
    - target: {fileID: 400000, guid: c7b5033b545cbfe4c8ffda505ff8cc39, type: 3}
      propertyPath: m_LocalPosition.y
      value: 0
      objectReference: {fileID: 0}
    - target: {fileID: 400000, guid: c7b5033b545cbfe4c8ffda505ff8cc39, type: 3}
      propertyPath: m_LocalPosition.z
      value: 0
      objectReference: {fileID: 0}
    - target: {fileID: 400000, guid: c7b5033b545cbfe4c8ffda505ff8cc39, type: 3}
      propertyPath: m_LocalRotation.x
      value: -0.5720614
      objectReference: {fileID: 0}
    - target: {fileID: 400000, guid: c7b5033b545cbfe4c8ffda505ff8cc39, type: 3}
      propertyPath: m_LocalRotation.y
      value: -0.4156269
      objectReference: {fileID: 0}
    - target: {fileID: 400000, guid: c7b5033b545cbfe4c8ffda505ff8cc39, type: 3}
      propertyPath: m_LocalRotation.z
      value: -0.4156269
      objectReference: {fileID: 0}
    - target: {fileID: 400000, guid: c7b5033b545cbfe4c8ffda505ff8cc39, type: 3}
      propertyPath: m_LocalRotation.w
      value: 0.5720614
      objectReference: {fileID: 0}
    - target: {fileID: 400000, guid: c7b5033b545cbfe4c8ffda505ff8cc39, type: 3}
      propertyPath: m_RootOrder
      value: 2
      objectReference: {fileID: 0}
    - target: {fileID: 400000, guid: c7b5033b545cbfe4c8ffda505ff8cc39, type: 3}
      propertyPath: m_LocalEulerAnglesHint.x
      value: -90.00001
      objectReference: {fileID: 0}
    - target: {fileID: 400000, guid: c7b5033b545cbfe4c8ffda505ff8cc39, type: 3}
      propertyPath: m_LocalEulerAnglesHint.y
      value: -72
      objectReference: {fileID: 0}
    - target: {fileID: 400000, guid: c7b5033b545cbfe4c8ffda505ff8cc39, type: 3}
      propertyPath: m_LocalEulerAnglesHint.z
      value: 0
      objectReference: {fileID: 0}
    - target: {fileID: 400000, guid: c7b5033b545cbfe4c8ffda505ff8cc39, type: 3}
      propertyPath: m_LocalScale.x
      value: 1.03
      objectReference: {fileID: 0}
    - target: {fileID: 400000, guid: c7b5033b545cbfe4c8ffda505ff8cc39, type: 3}
      propertyPath: m_LocalScale.y
      value: 1.2768308
      objectReference: {fileID: 0}
    - target: {fileID: 400000, guid: c7b5033b545cbfe4c8ffda505ff8cc39, type: 3}
      propertyPath: m_LocalScale.z
      value: 1.2000005
      objectReference: {fileID: 0}
    m_RemovedComponents: []
  m_SourcePrefab: {fileID: 100100000, guid: c7b5033b545cbfe4c8ffda505ff8cc39, type: 3}
--- !u!1 &4747283954170114417 stripped
GameObject:
  m_CorrespondingSourceObject: {fileID: 100000, guid: c7b5033b545cbfe4c8ffda505ff8cc39,
    type: 3}
  m_PrefabInstance: {fileID: 4747283954170148817}
  m_PrefabAsset: {fileID: 0}
--- !u!4 &4747283954170539345 stripped
Transform:
  m_CorrespondingSourceObject: {fileID: 400000, guid: c7b5033b545cbfe4c8ffda505ff8cc39,
    type: 3}
  m_PrefabInstance: {fileID: 4747283954170148817}
  m_PrefabAsset: {fileID: 0}
--- !u!1001 &6003729672117778774
PrefabInstance:
  m_ObjectHideFlags: 0
  serializedVersion: 2
  m_Modification:
    m_TransformParent: {fileID: 1131694385767751614}
    m_Modifications:
    - target: {fileID: 100000, guid: c7b5033b545cbfe4c8ffda505ff8cc39, type: 3}
      propertyPath: m_Name
      value: piece_01 (15)
      objectReference: {fileID: 0}
    - target: {fileID: 100000, guid: c7b5033b545cbfe4c8ffda505ff8cc39, type: 3}
      propertyPath: m_TagString
      value: Ground
      objectReference: {fileID: 0}
    - target: {fileID: 100000, guid: c7b5033b545cbfe4c8ffda505ff8cc39, type: 3}
      propertyPath: m_Layer
      value: 9
      objectReference: {fileID: 0}
    - target: {fileID: 400000, guid: c7b5033b545cbfe4c8ffda505ff8cc39, type: 3}
      propertyPath: m_LocalPosition.x
      value: 0
      objectReference: {fileID: 0}
    - target: {fileID: 400000, guid: c7b5033b545cbfe4c8ffda505ff8cc39, type: 3}
      propertyPath: m_LocalPosition.y
      value: 0
      objectReference: {fileID: 0}
    - target: {fileID: 400000, guid: c7b5033b545cbfe4c8ffda505ff8cc39, type: 3}
      propertyPath: m_LocalPosition.z
      value: 0
      objectReference: {fileID: 0}
    - target: {fileID: 400000, guid: c7b5033b545cbfe4c8ffda505ff8cc39, type: 3}
      propertyPath: m_LocalRotation.x
      value: -0.6916548
      objectReference: {fileID: 0}
    - target: {fileID: 400000, guid: c7b5033b545cbfe4c8ffda505ff8cc39, type: 3}
      propertyPath: m_LocalRotation.y
      value: 0.14701577
      objectReference: {fileID: 0}
    - target: {fileID: 400000, guid: c7b5033b545cbfe4c8ffda505ff8cc39, type: 3}
      propertyPath: m_LocalRotation.z
      value: 0.14701577
      objectReference: {fileID: 0}
    - target: {fileID: 400000, guid: c7b5033b545cbfe4c8ffda505ff8cc39, type: 3}
      propertyPath: m_LocalRotation.w
      value: 0.6916548
      objectReference: {fileID: 0}
    - target: {fileID: 400000, guid: c7b5033b545cbfe4c8ffda505ff8cc39, type: 3}
      propertyPath: m_RootOrder
      value: 14
      objectReference: {fileID: 0}
    - target: {fileID: 400000, guid: c7b5033b545cbfe4c8ffda505ff8cc39, type: 3}
      propertyPath: m_LocalEulerAnglesHint.x
      value: -90.00001
      objectReference: {fileID: 0}
    - target: {fileID: 400000, guid: c7b5033b545cbfe4c8ffda505ff8cc39, type: 3}
      propertyPath: m_LocalEulerAnglesHint.y
      value: 24
      objectReference: {fileID: 0}
    - target: {fileID: 400000, guid: c7b5033b545cbfe4c8ffda505ff8cc39, type: 3}
      propertyPath: m_LocalEulerAnglesHint.z
      value: 0
      objectReference: {fileID: 0}
    - target: {fileID: 400000, guid: c7b5033b545cbfe4c8ffda505ff8cc39, type: 3}
      propertyPath: m_LocalScale.x
      value: 1.03
      objectReference: {fileID: 0}
    - target: {fileID: 400000, guid: c7b5033b545cbfe4c8ffda505ff8cc39, type: 3}
      propertyPath: m_LocalScale.y
      value: 1.2768308
      objectReference: {fileID: 0}
    - target: {fileID: 400000, guid: c7b5033b545cbfe4c8ffda505ff8cc39, type: 3}
      propertyPath: m_LocalScale.z
      value: 1.2000005
      objectReference: {fileID: 0}
    m_RemovedComponents: []
  m_SourcePrefab: {fileID: 100100000, guid: c7b5033b545cbfe4c8ffda505ff8cc39, type: 3}
--- !u!4 &6003729672117642198 stripped
Transform:
  m_CorrespondingSourceObject: {fileID: 400000, guid: c7b5033b545cbfe4c8ffda505ff8cc39,
    type: 3}
  m_PrefabInstance: {fileID: 6003729672117778774}
  m_PrefabAsset: {fileID: 0}
--- !u!1 &6003729672117747702 stripped
GameObject:
  m_CorrespondingSourceObject: {fileID: 100000, guid: c7b5033b545cbfe4c8ffda505ff8cc39,
    type: 3}
  m_PrefabInstance: {fileID: 6003729672117778774}
  m_PrefabAsset: {fileID: 0}
--- !u!1001 &6620113306774331001
PrefabInstance:
  m_ObjectHideFlags: 0
  serializedVersion: 2
  m_Modification:
    m_TransformParent: {fileID: 1131694385767751614}
    m_Modifications:
    - target: {fileID: 100000, guid: c7b5033b545cbfe4c8ffda505ff8cc39, type: 3}
      propertyPath: m_Name
      value: piece_01 (13)
      objectReference: {fileID: 0}
    - target: {fileID: 100000, guid: c7b5033b545cbfe4c8ffda505ff8cc39, type: 3}
      propertyPath: m_TagString
      value: Ground
      objectReference: {fileID: 0}
    - target: {fileID: 100000, guid: c7b5033b545cbfe4c8ffda505ff8cc39, type: 3}
      propertyPath: m_Layer
      value: 9
      objectReference: {fileID: 0}
    - target: {fileID: 400000, guid: c7b5033b545cbfe4c8ffda505ff8cc39, type: 3}
      propertyPath: m_LocalPosition.x
      value: 0
      objectReference: {fileID: 0}
    - target: {fileID: 400000, guid: c7b5033b545cbfe4c8ffda505ff8cc39, type: 3}
      propertyPath: m_LocalPosition.y
      value: 0
      objectReference: {fileID: 0}
    - target: {fileID: 400000, guid: c7b5033b545cbfe4c8ffda505ff8cc39, type: 3}
      propertyPath: m_LocalPosition.z
      value: 0
      objectReference: {fileID: 0}
    - target: {fileID: 400000, guid: c7b5033b545cbfe4c8ffda505ff8cc39, type: 3}
      propertyPath: m_LocalRotation.x
      value: -0.5720614
      objectReference: {fileID: 0}
    - target: {fileID: 400000, guid: c7b5033b545cbfe4c8ffda505ff8cc39, type: 3}
      propertyPath: m_LocalRotation.y
      value: 0.4156269
      objectReference: {fileID: 0}
    - target: {fileID: 400000, guid: c7b5033b545cbfe4c8ffda505ff8cc39, type: 3}
      propertyPath: m_LocalRotation.z
      value: 0.4156269
      objectReference: {fileID: 0}
    - target: {fileID: 400000, guid: c7b5033b545cbfe4c8ffda505ff8cc39, type: 3}
      propertyPath: m_LocalRotation.w
      value: 0.5720614
      objectReference: {fileID: 0}
    - target: {fileID: 400000, guid: c7b5033b545cbfe4c8ffda505ff8cc39, type: 3}
      propertyPath: m_RootOrder
      value: 12
      objectReference: {fileID: 0}
    - target: {fileID: 400000, guid: c7b5033b545cbfe4c8ffda505ff8cc39, type: 3}
      propertyPath: m_LocalEulerAnglesHint.x
      value: -90.00001
      objectReference: {fileID: 0}
    - target: {fileID: 400000, guid: c7b5033b545cbfe4c8ffda505ff8cc39, type: 3}
      propertyPath: m_LocalEulerAnglesHint.y
      value: 72
      objectReference: {fileID: 0}
    - target: {fileID: 400000, guid: c7b5033b545cbfe4c8ffda505ff8cc39, type: 3}
      propertyPath: m_LocalEulerAnglesHint.z
      value: 0
      objectReference: {fileID: 0}
    - target: {fileID: 400000, guid: c7b5033b545cbfe4c8ffda505ff8cc39, type: 3}
      propertyPath: m_LocalScale.x
      value: 1.03
      objectReference: {fileID: 0}
    - target: {fileID: 400000, guid: c7b5033b545cbfe4c8ffda505ff8cc39, type: 3}
      propertyPath: m_LocalScale.y
      value: 1.2768308
      objectReference: {fileID: 0}
    - target: {fileID: 400000, guid: c7b5033b545cbfe4c8ffda505ff8cc39, type: 3}
      propertyPath: m_LocalScale.z
      value: 1.2000005
      objectReference: {fileID: 0}
    m_RemovedComponents: []
  m_SourcePrefab: {fileID: 100100000, guid: c7b5033b545cbfe4c8ffda505ff8cc39, type: 3}
--- !u!1 &6620113306774362329 stripped
GameObject:
  m_CorrespondingSourceObject: {fileID: 100000, guid: c7b5033b545cbfe4c8ffda505ff8cc39,
    type: 3}
  m_PrefabInstance: {fileID: 6620113306774331001}
  m_PrefabAsset: {fileID: 0}
--- !u!4 &6620113306773931257 stripped
Transform:
  m_CorrespondingSourceObject: {fileID: 400000, guid: c7b5033b545cbfe4c8ffda505ff8cc39,
    type: 3}
  m_PrefabInstance: {fileID: 6620113306774331001}
  m_PrefabAsset: {fileID: 0}
--- !u!1001 &7262279686249854507
PrefabInstance:
  m_ObjectHideFlags: 0
  serializedVersion: 2
  m_Modification:
    m_TransformParent: {fileID: 1131694385767751614}
    m_Modifications:
    - target: {fileID: 100000, guid: c7b5033b545cbfe4c8ffda505ff8cc39, type: 3}
      propertyPath: m_Name
      value: piece_01 (12)
      objectReference: {fileID: 0}
    - target: {fileID: 100000, guid: c7b5033b545cbfe4c8ffda505ff8cc39, type: 3}
      propertyPath: m_TagString
      value: Ground
      objectReference: {fileID: 0}
    - target: {fileID: 100000, guid: c7b5033b545cbfe4c8ffda505ff8cc39, type: 3}
      propertyPath: m_Layer
      value: 9
      objectReference: {fileID: 0}
    - target: {fileID: 400000, guid: c7b5033b545cbfe4c8ffda505ff8cc39, type: 3}
      propertyPath: m_LocalPosition.x
      value: 0
      objectReference: {fileID: 0}
    - target: {fileID: 400000, guid: c7b5033b545cbfe4c8ffda505ff8cc39, type: 3}
      propertyPath: m_LocalPosition.y
      value: 0
      objectReference: {fileID: 0}
    - target: {fileID: 400000, guid: c7b5033b545cbfe4c8ffda505ff8cc39, type: 3}
      propertyPath: m_LocalPosition.z
      value: 0
      objectReference: {fileID: 0}
    - target: {fileID: 400000, guid: c7b5033b545cbfe4c8ffda505ff8cc39, type: 3}
      propertyPath: m_LocalRotation.x
      value: -0.47314686
      objectReference: {fileID: 0}
    - target: {fileID: 400000, guid: c7b5033b545cbfe4c8ffda505ff8cc39, type: 3}
      propertyPath: m_LocalRotation.y
      value: 0.5254827
      objectReference: {fileID: 0}
    - target: {fileID: 400000, guid: c7b5033b545cbfe4c8ffda505ff8cc39, type: 3}
      propertyPath: m_LocalRotation.z
      value: 0.5254827
      objectReference: {fileID: 0}
    - target: {fileID: 400000, guid: c7b5033b545cbfe4c8ffda505ff8cc39, type: 3}
      propertyPath: m_LocalRotation.w
      value: 0.47314686
      objectReference: {fileID: 0}
    - target: {fileID: 400000, guid: c7b5033b545cbfe4c8ffda505ff8cc39, type: 3}
      propertyPath: m_RootOrder
      value: 11
      objectReference: {fileID: 0}
    - target: {fileID: 400000, guid: c7b5033b545cbfe4c8ffda505ff8cc39, type: 3}
      propertyPath: m_LocalEulerAnglesHint.x
      value: -90.00001
      objectReference: {fileID: 0}
    - target: {fileID: 400000, guid: c7b5033b545cbfe4c8ffda505ff8cc39, type: 3}
      propertyPath: m_LocalEulerAnglesHint.y
      value: 96
      objectReference: {fileID: 0}
    - target: {fileID: 400000, guid: c7b5033b545cbfe4c8ffda505ff8cc39, type: 3}
      propertyPath: m_LocalEulerAnglesHint.z
      value: 0
      objectReference: {fileID: 0}
    - target: {fileID: 400000, guid: c7b5033b545cbfe4c8ffda505ff8cc39, type: 3}
      propertyPath: m_LocalScale.x
      value: 1.0300004
      objectReference: {fileID: 0}
    - target: {fileID: 400000, guid: c7b5033b545cbfe4c8ffda505ff8cc39, type: 3}
      propertyPath: m_LocalScale.y
      value: 1.2768313
      objectReference: {fileID: 0}
    - target: {fileID: 400000, guid: c7b5033b545cbfe4c8ffda505ff8cc39, type: 3}
      propertyPath: m_LocalScale.z
      value: 1.2000005
      objectReference: {fileID: 0}
    m_RemovedComponents: []
  m_SourcePrefab: {fileID: 100100000, guid: c7b5033b545cbfe4c8ffda505ff8cc39, type: 3}
--- !u!4 &7262279686249721003 stripped
Transform:
  m_CorrespondingSourceObject: {fileID: 400000, guid: c7b5033b545cbfe4c8ffda505ff8cc39,
    type: 3}
  m_PrefabInstance: {fileID: 7262279686249854507}
  m_PrefabAsset: {fileID: 0}
--- !u!1 &7262279686249820299 stripped
GameObject:
  m_CorrespondingSourceObject: {fileID: 100000, guid: c7b5033b545cbfe4c8ffda505ff8cc39,
    type: 3}
  m_PrefabInstance: {fileID: 7262279686249854507}
  m_PrefabAsset: {fileID: 0}
--- !u!1001 &7319367110369491820
PrefabInstance:
  m_ObjectHideFlags: 0
  serializedVersion: 2
  m_Modification:
    m_TransformParent: {fileID: 1131694385767751614}
    m_Modifications:
    - target: {fileID: 100000, guid: c7b5033b545cbfe4c8ffda505ff8cc39, type: 3}
      propertyPath: m_Name
      value: piece_01 (14)
      objectReference: {fileID: 0}
    - target: {fileID: 100000, guid: c7b5033b545cbfe4c8ffda505ff8cc39, type: 3}
      propertyPath: m_TagString
      value: Ground
      objectReference: {fileID: 0}
    - target: {fileID: 100000, guid: c7b5033b545cbfe4c8ffda505ff8cc39, type: 3}
      propertyPath: m_Layer
      value: 9
      objectReference: {fileID: 0}
    - target: {fileID: 400000, guid: c7b5033b545cbfe4c8ffda505ff8cc39, type: 3}
      propertyPath: m_LocalPosition.x
      value: 0
      objectReference: {fileID: 0}
    - target: {fileID: 400000, guid: c7b5033b545cbfe4c8ffda505ff8cc39, type: 3}
      propertyPath: m_LocalPosition.y
      value: 0
      objectReference: {fileID: 0}
    - target: {fileID: 400000, guid: c7b5033b545cbfe4c8ffda505ff8cc39, type: 3}
      propertyPath: m_LocalPosition.z
      value: 0
      objectReference: {fileID: 0}
    - target: {fileID: 400000, guid: c7b5033b545cbfe4c8ffda505ff8cc39, type: 3}
      propertyPath: m_LocalRotation.x
      value: -0.6459742
      objectReference: {fileID: 0}
    - target: {fileID: 400000, guid: c7b5033b545cbfe4c8ffda505ff8cc39, type: 3}
      propertyPath: m_LocalRotation.y
      value: 0.28760624
      objectReference: {fileID: 0}
    - target: {fileID: 400000, guid: c7b5033b545cbfe4c8ffda505ff8cc39, type: 3}
      propertyPath: m_LocalRotation.z
      value: 0.28760624
      objectReference: {fileID: 0}
    - target: {fileID: 400000, guid: c7b5033b545cbfe4c8ffda505ff8cc39, type: 3}
      propertyPath: m_LocalRotation.w
      value: 0.6459742
      objectReference: {fileID: 0}
    - target: {fileID: 400000, guid: c7b5033b545cbfe4c8ffda505ff8cc39, type: 3}
      propertyPath: m_RootOrder
      value: 13
      objectReference: {fileID: 0}
    - target: {fileID: 400000, guid: c7b5033b545cbfe4c8ffda505ff8cc39, type: 3}
      propertyPath: m_LocalEulerAnglesHint.x
      value: -90.00001
      objectReference: {fileID: 0}
    - target: {fileID: 400000, guid: c7b5033b545cbfe4c8ffda505ff8cc39, type: 3}
      propertyPath: m_LocalEulerAnglesHint.y
      value: 48
      objectReference: {fileID: 0}
    - target: {fileID: 400000, guid: c7b5033b545cbfe4c8ffda505ff8cc39, type: 3}
      propertyPath: m_LocalEulerAnglesHint.z
      value: 0
      objectReference: {fileID: 0}
    - target: {fileID: 400000, guid: c7b5033b545cbfe4c8ffda505ff8cc39, type: 3}
      propertyPath: m_LocalScale.x
      value: 1.03
      objectReference: {fileID: 0}
    - target: {fileID: 400000, guid: c7b5033b545cbfe4c8ffda505ff8cc39, type: 3}
      propertyPath: m_LocalScale.y
      value: 1.2768316
      objectReference: {fileID: 0}
    - target: {fileID: 400000, guid: c7b5033b545cbfe4c8ffda505ff8cc39, type: 3}
      propertyPath: m_LocalScale.z
      value: 1.2000017
      objectReference: {fileID: 0}
    m_RemovedComponents: []
  m_SourcePrefab: {fileID: 100100000, guid: c7b5033b545cbfe4c8ffda505ff8cc39, type: 3}
--- !u!1 &7319367110369590732 stripped
GameObject:
  m_CorrespondingSourceObject: {fileID: 100000, guid: c7b5033b545cbfe4c8ffda505ff8cc39,
    type: 3}
  m_PrefabInstance: {fileID: 7319367110369491820}
  m_PrefabAsset: {fileID: 0}
--- !u!4 &7319367110369878508 stripped
Transform:
  m_CorrespondingSourceObject: {fileID: 400000, guid: c7b5033b545cbfe4c8ffda505ff8cc39,
    type: 3}
  m_PrefabInstance: {fileID: 7319367110369491820}
  m_PrefabAsset: {fileID: 0}
--- !u!1001 &7333987265538921412
PrefabInstance:
  m_ObjectHideFlags: 0
  serializedVersion: 2
  m_Modification:
    m_TransformParent: {fileID: 1131694385767751614}
    m_Modifications:
    - target: {fileID: 100000, guid: c7b5033b545cbfe4c8ffda505ff8cc39, type: 3}
      propertyPath: m_Name
      value: piece_01 (1)
      objectReference: {fileID: 0}
    - target: {fileID: 100000, guid: c7b5033b545cbfe4c8ffda505ff8cc39, type: 3}
      propertyPath: m_TagString
      value: Ground
      objectReference: {fileID: 0}
    - target: {fileID: 100000, guid: c7b5033b545cbfe4c8ffda505ff8cc39, type: 3}
      propertyPath: m_Layer
      value: 9
      objectReference: {fileID: 0}
    - target: {fileID: 400000, guid: c7b5033b545cbfe4c8ffda505ff8cc39, type: 3}
      propertyPath: m_LocalPosition.x
      value: 0
      objectReference: {fileID: 0}
    - target: {fileID: 400000, guid: c7b5033b545cbfe4c8ffda505ff8cc39, type: 3}
      propertyPath: m_LocalPosition.y
      value: 0
      objectReference: {fileID: 0}
    - target: {fileID: 400000, guid: c7b5033b545cbfe4c8ffda505ff8cc39, type: 3}
      propertyPath: m_LocalPosition.z
      value: 0
      objectReference: {fileID: 0}
    - target: {fileID: 400000, guid: c7b5033b545cbfe4c8ffda505ff8cc39, type: 3}
      propertyPath: m_LocalRotation.x
      value: -0.6916548
      objectReference: {fileID: 0}
    - target: {fileID: 400000, guid: c7b5033b545cbfe4c8ffda505ff8cc39, type: 3}
      propertyPath: m_LocalRotation.y
      value: -0.14701577
      objectReference: {fileID: 0}
    - target: {fileID: 400000, guid: c7b5033b545cbfe4c8ffda505ff8cc39, type: 3}
      propertyPath: m_LocalRotation.z
      value: -0.14701577
      objectReference: {fileID: 0}
    - target: {fileID: 400000, guid: c7b5033b545cbfe4c8ffda505ff8cc39, type: 3}
      propertyPath: m_LocalRotation.w
      value: 0.6916548
      objectReference: {fileID: 0}
    - target: {fileID: 400000, guid: c7b5033b545cbfe4c8ffda505ff8cc39, type: 3}
      propertyPath: m_RootOrder
      value: 0
      objectReference: {fileID: 0}
    - target: {fileID: 400000, guid: c7b5033b545cbfe4c8ffda505ff8cc39, type: 3}
      propertyPath: m_LocalEulerAnglesHint.x
      value: -90.00001
      objectReference: {fileID: 0}
    - target: {fileID: 400000, guid: c7b5033b545cbfe4c8ffda505ff8cc39, type: 3}
      propertyPath: m_LocalEulerAnglesHint.y
      value: -24
      objectReference: {fileID: 0}
    - target: {fileID: 400000, guid: c7b5033b545cbfe4c8ffda505ff8cc39, type: 3}
      propertyPath: m_LocalEulerAnglesHint.z
      value: 0
      objectReference: {fileID: 0}
    - target: {fileID: 400000, guid: c7b5033b545cbfe4c8ffda505ff8cc39, type: 3}
      propertyPath: m_LocalScale.x
      value: 1.03
      objectReference: {fileID: 0}
    - target: {fileID: 400000, guid: c7b5033b545cbfe4c8ffda505ff8cc39, type: 3}
      propertyPath: m_LocalScale.y
      value: 1.2817433
      objectReference: {fileID: 0}
    - target: {fileID: 400000, guid: c7b5033b545cbfe4c8ffda505ff8cc39, type: 3}
      propertyPath: m_LocalScale.z
      value: 1.2000005
      objectReference: {fileID: 0}
    m_RemovedComponents: []
  m_SourcePrefab: {fileID: 100100000, guid: c7b5033b545cbfe4c8ffda505ff8cc39, type: 3}
--- !u!1 &7333987265538823524 stripped
GameObject:
  m_CorrespondingSourceObject: {fileID: 100000, guid: c7b5033b545cbfe4c8ffda505ff8cc39,
    type: 3}
  m_PrefabInstance: {fileID: 7333987265538921412}
  m_PrefabAsset: {fileID: 0}
--- !u!4 &7333987265538525508 stripped
Transform:
  m_CorrespondingSourceObject: {fileID: 400000, guid: c7b5033b545cbfe4c8ffda505ff8cc39,
    type: 3}
  m_PrefabInstance: {fileID: 7333987265538921412}
  m_PrefabAsset: {fileID: 0}
--- !u!1001 &8099054792983473410
PrefabInstance:
  m_ObjectHideFlags: 0
  serializedVersion: 2
  m_Modification:
    m_TransformParent: {fileID: 1131694385767751614}
    m_Modifications:
    - target: {fileID: 100000, guid: c7b5033b545cbfe4c8ffda505ff8cc39, type: 3}
      propertyPath: m_Name
      value: piece_01 (7)
      objectReference: {fileID: 0}
    - target: {fileID: 100000, guid: c7b5033b545cbfe4c8ffda505ff8cc39, type: 3}
      propertyPath: m_TagString
      value: Ground
      objectReference: {fileID: 0}
    - target: {fileID: 100000, guid: c7b5033b545cbfe4c8ffda505ff8cc39, type: 3}
      propertyPath: m_Layer
      value: 9
      objectReference: {fileID: 0}
    - target: {fileID: 400000, guid: c7b5033b545cbfe4c8ffda505ff8cc39, type: 3}
      propertyPath: m_LocalPosition.x
      value: 0
      objectReference: {fileID: 0}
    - target: {fileID: 400000, guid: c7b5033b545cbfe4c8ffda505ff8cc39, type: 3}
      propertyPath: m_LocalPosition.y
      value: 0
      objectReference: {fileID: 0}
    - target: {fileID: 400000, guid: c7b5033b545cbfe4c8ffda505ff8cc39, type: 3}
      propertyPath: m_LocalPosition.z
      value: 0
      objectReference: {fileID: 0}
    - target: {fileID: 400000, guid: c7b5033b545cbfe4c8ffda505ff8cc39, type: 3}
      propertyPath: m_LocalRotation.x
      value: -0.07391278
      objectReference: {fileID: 0}
    - target: {fileID: 400000, guid: c7b5033b545cbfe4c8ffda505ff8cc39, type: 3}
      propertyPath: m_LocalRotation.y
      value: -0.7032332
      objectReference: {fileID: 0}
    - target: {fileID: 400000, guid: c7b5033b545cbfe4c8ffda505ff8cc39, type: 3}
      propertyPath: m_LocalRotation.z
      value: -0.7032332
      objectReference: {fileID: 0}
    - target: {fileID: 400000, guid: c7b5033b545cbfe4c8ffda505ff8cc39, type: 3}
      propertyPath: m_LocalRotation.w
      value: 0.07391278
      objectReference: {fileID: 0}
    - target: {fileID: 400000, guid: c7b5033b545cbfe4c8ffda505ff8cc39, type: 3}
      propertyPath: m_RootOrder
      value: 6
      objectReference: {fileID: 0}
    - target: {fileID: 400000, guid: c7b5033b545cbfe4c8ffda505ff8cc39, type: 3}
      propertyPath: m_LocalEulerAnglesHint.x
      value: -90.00001
      objectReference: {fileID: 0}
    - target: {fileID: 400000, guid: c7b5033b545cbfe4c8ffda505ff8cc39, type: 3}
      propertyPath: m_LocalEulerAnglesHint.y
      value: -168
      objectReference: {fileID: 0}
    - target: {fileID: 400000, guid: c7b5033b545cbfe4c8ffda505ff8cc39, type: 3}
      propertyPath: m_LocalEulerAnglesHint.z
      value: 0
      objectReference: {fileID: 0}
    - target: {fileID: 400000, guid: c7b5033b545cbfe4c8ffda505ff8cc39, type: 3}
      propertyPath: m_LocalScale.x
      value: 1.0300004
      objectReference: {fileID: 0}
    - target: {fileID: 400000, guid: c7b5033b545cbfe4c8ffda505ff8cc39, type: 3}
      propertyPath: m_LocalScale.y
      value: 1.2817432
      objectReference: {fileID: 0}
    - target: {fileID: 400000, guid: c7b5033b545cbfe4c8ffda505ff8cc39, type: 3}
      propertyPath: m_LocalScale.z
      value: 1.2000005
      objectReference: {fileID: 0}
    m_RemovedComponents: []
  m_SourcePrefab: {fileID: 100100000, guid: c7b5033b545cbfe4c8ffda505ff8cc39, type: 3}
--- !u!1 &8099054792983571362 stripped
GameObject:
  m_CorrespondingSourceObject: {fileID: 100000, guid: c7b5033b545cbfe4c8ffda505ff8cc39,
    type: 3}
  m_PrefabInstance: {fileID: 8099054792983473410}
  m_PrefabAsset: {fileID: 0}
--- !u!4 &8099054792983345026 stripped
Transform:
  m_CorrespondingSourceObject: {fileID: 400000, guid: c7b5033b545cbfe4c8ffda505ff8cc39,
    type: 3}
  m_PrefabInstance: {fileID: 8099054792983473410}
  m_PrefabAsset: {fileID: 0}
--- !u!1001 &8309936999166651709
PrefabInstance:
  m_ObjectHideFlags: 0
  serializedVersion: 2
  m_Modification:
    m_TransformParent: {fileID: 1131694385767751614}
    m_Modifications:
    - target: {fileID: 100000, guid: c7b5033b545cbfe4c8ffda505ff8cc39, type: 3}
      propertyPath: m_Name
      value: piece_01 (11)
      objectReference: {fileID: 0}
    - target: {fileID: 100000, guid: c7b5033b545cbfe4c8ffda505ff8cc39, type: 3}
      propertyPath: m_TagString
      value: Ground
      objectReference: {fileID: 0}
    - target: {fileID: 100000, guid: c7b5033b545cbfe4c8ffda505ff8cc39, type: 3}
      propertyPath: m_Layer
      value: 9
      objectReference: {fileID: 0}
    - target: {fileID: 400000, guid: c7b5033b545cbfe4c8ffda505ff8cc39, type: 3}
      propertyPath: m_LocalPosition.x
      value: 0
      objectReference: {fileID: 0}
    - target: {fileID: 400000, guid: c7b5033b545cbfe4c8ffda505ff8cc39, type: 3}
      propertyPath: m_LocalPosition.y
      value: 0
      objectReference: {fileID: 0}
    - target: {fileID: 400000, guid: c7b5033b545cbfe4c8ffda505ff8cc39, type: 3}
      propertyPath: m_LocalPosition.z
      value: 0
      objectReference: {fileID: 0}
    - target: {fileID: 400000, guid: c7b5033b545cbfe4c8ffda505ff8cc39, type: 3}
      propertyPath: m_LocalRotation.x
      value: -0.7071068
      objectReference: {fileID: 0}
    - target: {fileID: 400000, guid: c7b5033b545cbfe4c8ffda505ff8cc39, type: 3}
      propertyPath: m_LocalRotation.y
      value: -0
      objectReference: {fileID: 0}
    - target: {fileID: 400000, guid: c7b5033b545cbfe4c8ffda505ff8cc39, type: 3}
      propertyPath: m_LocalRotation.z
      value: -0
      objectReference: {fileID: 0}
    - target: {fileID: 400000, guid: c7b5033b545cbfe4c8ffda505ff8cc39, type: 3}
      propertyPath: m_LocalRotation.w
      value: 0.7071068
      objectReference: {fileID: 0}
    - target: {fileID: 400000, guid: c7b5033b545cbfe4c8ffda505ff8cc39, type: 3}
      propertyPath: m_RootOrder
      value: 10
      objectReference: {fileID: 0}
    - target: {fileID: 400000, guid: c7b5033b545cbfe4c8ffda505ff8cc39, type: 3}
      propertyPath: m_LocalEulerAnglesHint.x
      value: 0
      objectReference: {fileID: 0}
    - target: {fileID: 400000, guid: c7b5033b545cbfe4c8ffda505ff8cc39, type: 3}
      propertyPath: m_LocalEulerAnglesHint.y
      value: 0
      objectReference: {fileID: 0}
    - target: {fileID: 400000, guid: c7b5033b545cbfe4c8ffda505ff8cc39, type: 3}
      propertyPath: m_LocalEulerAnglesHint.z
      value: 0
      objectReference: {fileID: 0}
    - target: {fileID: 400000, guid: c7b5033b545cbfe4c8ffda505ff8cc39, type: 3}
      propertyPath: m_LocalScale.x
      value: 1.03
      objectReference: {fileID: 0}
    - target: {fileID: 400000, guid: c7b5033b545cbfe4c8ffda505ff8cc39, type: 3}
      propertyPath: m_LocalScale.y
      value: 1.2817441
      objectReference: {fileID: 0}
    - target: {fileID: 400000, guid: c7b5033b545cbfe4c8ffda505ff8cc39, type: 3}
      propertyPath: m_LocalScale.z
      value: 1.2000017
      objectReference: {fileID: 0}
    m_RemovedComponents: []
  m_SourcePrefab: {fileID: 100100000, guid: c7b5033b545cbfe4c8ffda505ff8cc39, type: 3}
--- !u!4 &8309936999166523325 stripped
Transform:
  m_CorrespondingSourceObject: {fileID: 400000, guid: c7b5033b545cbfe4c8ffda505ff8cc39,
    type: 3}
  m_PrefabInstance: {fileID: 8309936999166651709}
  m_PrefabAsset: {fileID: 0}
--- !u!1 &8309936999166749597 stripped
GameObject:
  m_CorrespondingSourceObject: {fileID: 100000, guid: c7b5033b545cbfe4c8ffda505ff8cc39,
    type: 3}
  m_PrefabInstance: {fileID: 8309936999166651709}
  m_PrefabAsset: {fileID: 0}
--- !u!1001 &8332503429015261363
PrefabInstance:
  m_ObjectHideFlags: 0
  serializedVersion: 2
  m_Modification:
    m_TransformParent: {fileID: 1131694385767751614}
    m_Modifications:
    - target: {fileID: 100000, guid: c7b5033b545cbfe4c8ffda505ff8cc39, type: 3}
      propertyPath: m_Name
      value: piece_01 (9)
      objectReference: {fileID: 0}
    - target: {fileID: 100000, guid: c7b5033b545cbfe4c8ffda505ff8cc39, type: 3}
      propertyPath: m_TagString
      value: Ground
      objectReference: {fileID: 0}
    - target: {fileID: 100000, guid: c7b5033b545cbfe4c8ffda505ff8cc39, type: 3}
      propertyPath: m_Layer
      value: 9
      objectReference: {fileID: 0}
    - target: {fileID: 400000, guid: c7b5033b545cbfe4c8ffda505ff8cc39, type: 3}
      propertyPath: m_LocalPosition.x
      value: 0
      objectReference: {fileID: 0}
    - target: {fileID: 400000, guid: c7b5033b545cbfe4c8ffda505ff8cc39, type: 3}
      propertyPath: m_LocalPosition.y
      value: 0
      objectReference: {fileID: 0}
    - target: {fileID: 400000, guid: c7b5033b545cbfe4c8ffda505ff8cc39, type: 3}
      propertyPath: m_LocalPosition.z
      value: 0
      objectReference: {fileID: 0}
    - target: {fileID: 400000, guid: c7b5033b545cbfe4c8ffda505ff8cc39, type: 3}
      propertyPath: m_LocalRotation.x
      value: 0.2185079
      objectReference: {fileID: 0}
    - target: {fileID: 400000, guid: c7b5033b545cbfe4c8ffda505ff8cc39, type: 3}
      propertyPath: m_LocalRotation.y
      value: -0.6724986
      objectReference: {fileID: 0}
    - target: {fileID: 400000, guid: c7b5033b545cbfe4c8ffda505ff8cc39, type: 3}
      propertyPath: m_LocalRotation.z
      value: -0.6724986
      objectReference: {fileID: 0}
    - target: {fileID: 400000, guid: c7b5033b545cbfe4c8ffda505ff8cc39, type: 3}
      propertyPath: m_LocalRotation.w
      value: -0.2185079
      objectReference: {fileID: 0}
    - target: {fileID: 400000, guid: c7b5033b545cbfe4c8ffda505ff8cc39, type: 3}
      propertyPath: m_RootOrder
      value: 8
      objectReference: {fileID: 0}
    - target: {fileID: 400000, guid: c7b5033b545cbfe4c8ffda505ff8cc39, type: 3}
      propertyPath: m_LocalEulerAnglesHint.x
      value: -90.00001
      objectReference: {fileID: 0}
    - target: {fileID: 400000, guid: c7b5033b545cbfe4c8ffda505ff8cc39, type: 3}
      propertyPath: m_LocalEulerAnglesHint.y
      value: -216
      objectReference: {fileID: 0}
    - target: {fileID: 400000, guid: c7b5033b545cbfe4c8ffda505ff8cc39, type: 3}
      propertyPath: m_LocalEulerAnglesHint.z
      value: 0
      objectReference: {fileID: 0}
    - target: {fileID: 400000, guid: c7b5033b545cbfe4c8ffda505ff8cc39, type: 3}
      propertyPath: m_LocalScale.x
      value: 1.0300016
      objectReference: {fileID: 0}
    - target: {fileID: 400000, guid: c7b5033b545cbfe4c8ffda505ff8cc39, type: 3}
      propertyPath: m_LocalScale.y
      value: 1.2817441
      objectReference: {fileID: 0}
    - target: {fileID: 400000, guid: c7b5033b545cbfe4c8ffda505ff8cc39, type: 3}
      propertyPath: m_LocalScale.z
      value: 1.2000017
      objectReference: {fileID: 0}
    m_RemovedComponents: []
  m_SourcePrefab: {fileID: 100100000, guid: c7b5033b545cbfe4c8ffda505ff8cc39, type: 3}
--- !u!1 &8332503429015164435 stripped
GameObject:
  m_CorrespondingSourceObject: {fileID: 100000, guid: c7b5033b545cbfe4c8ffda505ff8cc39,
    type: 3}
  m_PrefabInstance: {fileID: 8332503429015261363}
  m_PrefabAsset: {fileID: 0}
--- !u!4 &8332503429015128627 stripped
Transform:
  m_CorrespondingSourceObject: {fileID: 400000, guid: c7b5033b545cbfe4c8ffda505ff8cc39,
    type: 3}
  m_PrefabInstance: {fileID: 8332503429015261363}
  m_PrefabAsset: {fileID: 0}
--- !u!1001 &8907251625641417671
PrefabInstance:
  m_ObjectHideFlags: 0
  serializedVersion: 2
  m_Modification:
    m_TransformParent: {fileID: 1131694385767751614}
    m_Modifications:
    - target: {fileID: 100000, guid: c7b5033b545cbfe4c8ffda505ff8cc39, type: 3}
      propertyPath: m_Name
      value: piece_01 (8)
      objectReference: {fileID: 0}
    - target: {fileID: 100000, guid: c7b5033b545cbfe4c8ffda505ff8cc39, type: 3}
      propertyPath: m_TagString
      value: Ground
      objectReference: {fileID: 0}
    - target: {fileID: 100000, guid: c7b5033b545cbfe4c8ffda505ff8cc39, type: 3}
      propertyPath: m_Layer
      value: 9
      objectReference: {fileID: 0}
    - target: {fileID: 400000, guid: c7b5033b545cbfe4c8ffda505ff8cc39, type: 3}
      propertyPath: m_LocalPosition.x
      value: 0
      objectReference: {fileID: 0}
    - target: {fileID: 400000, guid: c7b5033b545cbfe4c8ffda505ff8cc39, type: 3}
      propertyPath: m_LocalPosition.y
      value: 0
      objectReference: {fileID: 0}
    - target: {fileID: 400000, guid: c7b5033b545cbfe4c8ffda505ff8cc39, type: 3}
      propertyPath: m_LocalPosition.z
      value: 0
      objectReference: {fileID: 0}
    - target: {fileID: 400000, guid: c7b5033b545cbfe4c8ffda505ff8cc39, type: 3}
      propertyPath: m_LocalRotation.x
      value: 0.07391271
      objectReference: {fileID: 0}
    - target: {fileID: 400000, guid: c7b5033b545cbfe4c8ffda505ff8cc39, type: 3}
      propertyPath: m_LocalRotation.y
      value: -0.7032332
      objectReference: {fileID: 0}
    - target: {fileID: 400000, guid: c7b5033b545cbfe4c8ffda505ff8cc39, type: 3}
      propertyPath: m_LocalRotation.z
      value: -0.7032332
      objectReference: {fileID: 0}
    - target: {fileID: 400000, guid: c7b5033b545cbfe4c8ffda505ff8cc39, type: 3}
      propertyPath: m_LocalRotation.w
      value: -0.07391271
      objectReference: {fileID: 0}
    - target: {fileID: 400000, guid: c7b5033b545cbfe4c8ffda505ff8cc39, type: 3}
      propertyPath: m_RootOrder
      value: 7
      objectReference: {fileID: 0}
    - target: {fileID: 400000, guid: c7b5033b545cbfe4c8ffda505ff8cc39, type: 3}
      propertyPath: m_LocalEulerAnglesHint.x
      value: -90.00001
      objectReference: {fileID: 0}
    - target: {fileID: 400000, guid: c7b5033b545cbfe4c8ffda505ff8cc39, type: 3}
      propertyPath: m_LocalEulerAnglesHint.y
      value: -192
      objectReference: {fileID: 0}
    - target: {fileID: 400000, guid: c7b5033b545cbfe4c8ffda505ff8cc39, type: 3}
      propertyPath: m_LocalEulerAnglesHint.z
      value: 0
      objectReference: {fileID: 0}
    - target: {fileID: 400000, guid: c7b5033b545cbfe4c8ffda505ff8cc39, type: 3}
      propertyPath: m_LocalScale.x
      value: 1.03
      objectReference: {fileID: 0}
    - target: {fileID: 400000, guid: c7b5033b545cbfe4c8ffda505ff8cc39, type: 3}
      propertyPath: m_LocalScale.y
      value: 1.2817427
      objectReference: {fileID: 0}
    - target: {fileID: 400000, guid: c7b5033b545cbfe4c8ffda505ff8cc39, type: 3}
      propertyPath: m_LocalScale.z
      value: 1.2000005
      objectReference: {fileID: 0}
    m_RemovedComponents: []
  m_SourcePrefab: {fileID: 100100000, guid: c7b5033b545cbfe4c8ffda505ff8cc39, type: 3}
--- !u!4 &8907251625641804103 stripped
Transform:
  m_CorrespondingSourceObject: {fileID: 400000, guid: c7b5033b545cbfe4c8ffda505ff8cc39,
    type: 3}
  m_PrefabInstance: {fileID: 8907251625641417671}
  m_PrefabAsset: {fileID: 0}
--- !u!1 &8907251625641450855 stripped
GameObject:
  m_CorrespondingSourceObject: {fileID: 100000, guid: c7b5033b545cbfe4c8ffda505ff8cc39,
    type: 3}
  m_PrefabInstance: {fileID: 8907251625641417671}
  m_PrefabAsset: {fileID: 0}
